<?xml version="1.0" encoding="UTF-8"?><record xmlns="http://www.loc.gov/MARC21/slim" xmlns:cinclude="http://apache.org/cocoon/include/1.0" xmlns:zs="http://www.loc.gov/zing/srw/">
  <leader>00703cz  a2200193n  4500</leader>
  <controlfield tag="001">n  84121184 </controlfield>
  <controlfield tag="003">DLC</controlfield>
  <controlfield tag="005">20081128080540.0</controlfield>
  <controlfield tag="008">841026n| acannaabn          |a aaa      </controlfield>
  <datafield tag="010" ind1=" " ind2=" ">
    <subfield code="a">n  84121184 </subfield>
  </datafield>
  <datafield tag="035" ind1=" " ind2=" ">
    <subfield code="a">(OCoLC)oca01220534</subfield>
  </datafield>
  <datafield tag="040" ind1=" " ind2=" ">
    <subfield code="a">InU</subfield>
    <subfield code="b">eng</subfield>
    <subfield code="c">DLC</subfield>
    <subfield code="d">ICU</subfield>
    <subfield code="d">OCoLC</subfield>
  </datafield>
  <datafield tag="100" ind1="1" ind2=" ">
    <subfield code="a">Brady, Robert,</subfield>
    <subfield code="d">1627?-1700</subfield>
  </datafield>
  <datafield tag="400" ind1="1" ind2=" ">
    <subfield code="a">Brady,</subfield>
    <subfield code="c">Dr.</subfield>
    <subfield code="q">(Robert),</subfield>
    <subfield code="d">1627?-1700</subfield>
  </datafield>
  <datafield tag="400" ind1="1" ind2=" ">
    <subfield code="a">Brady, Robertus,</subfield>
    <subfield code="d">1627?-1700</subfield>
  </datafield>
  <datafield tag="670" ind1=" " ind2=" ">
    <subfield code="a">His A complete history of England, 1785:</subfield>
    <subfield code="b">t.p. (Robert Brady)</subfield>
  </datafield>
  <datafield tag="670" ind1=" " ind2=" ">
    <subfield code="a">InU/Wing STC files</subfield>
    <subfield code="b">(usage: Dr. Brady)</subfield>
  </datafield>
  <datafield tag="670" ind1=" " ind2=" ">
    <subfield code="a">NUC pre-1956</subfield>
    <subfield code="b">(Brady, Robert, 1627?-1700)</subfield>
  </datafield>
  <datafield tag="670" ind1=" " ind2=" ">
    <subfield code="a">Sydenham, T. Opuscula quotquot hactenum separatim prodiere omnia, 1683:</subfield>
    <subfield code="b">p. [351] (...Robertum Brady)</subfield>
  </datafield>
</record>